@article{jpf-awt
    author =       "Peter Mehlitz, Oksana Tkachuk, Mateusz Ujma"
    title =        "JPF-AWT: Model Checking GUI Applications"
    journal =      "ASE"
    year =         "2011",
    keywords =     "GUI model checking"
}