@article{jpfawt,
    author =  {Peter Mehlitz, Oksana Tkachuk, Mateusz Ujma},
    title =        {JPF-AWT: Model Checking GUI Applications},
    journal ={Automated Software Engineering (ASE), 2011 26th IEEE/ACM International Conference on},
    year = {2011},
},

@Article{guitar,
  author =       {Bao N. Nguyen , Bryan Robbins, Ishan Banerjee, Atif Memon},
  title =        {GUITAR: an innovative tool for automated testing of GUI-driven software},
  journal =      {Automated Software Engineering},
  year =         {2014},
  OPTkey =       {},
  OPTvolume =    {},
  OPTnumber =    {},
  OPTpages =     {},
  OPTmonth =     {},
  OPTnote =      {},
  OPTannote =    {}
},

@Article{barad,
  author =       {Svetoslav Ganov, Chip Killmar, Sarfraz Khurshid, Dewayne E. Perry},
  title =        {Event Listener Analysis and Symbolic Execution for Testing GUI Applications},
  journal =      {Formal Methods and Software Engineering},
  year =         {2009},
  OPTkey =       {},
  OPTvolume =    {},
  OPTnumber =    {},
  OPTpages =     {},
  OPTmonth =     {},
  OPTnote =      {},
  OPTannote =    {}
},

@Article{catg,
  author =       {	Haruto Tanno, Xiaojing Zhang,Takashi Hoshino,Koushik Sen},
  title =        {TesMa and CATG: automated test generation tools for models of enterprise applications},
   journal =      { IEEE/ACM 37th IEEE International Conference on Software Engineering},
  year =         {2015},
}
